1875 3069
494 141 1153 186 METAMORPHOSEON
1207 146 1225 185 Ι
1547 153 1619 208 47

91 263 508 326 horriferamque
533 261 700 310 oculis
726 262 1009 326 animoque
1035 262 1225 312 obiecit
1250 263 1459 328 Erinyn
1542 285 1614 325 725

90 347 306 410 paelicis
329 346 604 409 Argolicae
630 344 976 408 stimulosque
1001 346 1059 394 in
1085 350 1293 409 pectore
1322 364 1496 396 caecos

90 429 325 479 condidit
350 432 403 478 et
428 428 707 492 profugam
732 446 826 492 per
847 431 1023 477 totum
1047 431 1235 478 terruit
1263 431 1458 479 orbem.

91 513 316 562 ultimus
340 513 584 561 inmenso
609 513 855 575 restabas,
888 513 1025 570 Nile,
1049 512 1231 562 labori.

90 614 249 661 quem
274 596 434 645 simul
462 613 519 644 ac
542 596 733 660 tetigit,
764 597 1052 660 posit-isque
1079 597 1137 645 in
1162 598 1402 661 margine
1429 599 1574 661 ripae

89 680 366 745 procubuit
391 679 614 743 genibus
637 680 986 743 resupinoque
1009 679 1171 728 ardua
1198 681 1344 742 collo,
1541 702 1618 742 730

88 777 219 825 quos
242 760 416 823 potuit
441 758 591 819 solos,
622 759 819 809 tollens
844 761 909 809 ad
934 761 1110 809 sidera
1133 761 1317 809 vultus

87 847 142 892 et
167 844 370 908 gemitu
395 845 447 891 et
471 842 708 891 lacrimis
734 846 786 891 et
811 842 1073 892 luctisono
1099 846 1311 908 mugitu

88 944 208 977 cum
231 927 358 976 Iove
382 926 499 975 visa
523 926 674 989 queri
699 925 963 990 finemque
990 944 1139 976 orare
1164 928 1441 977 malorum.

88 1011 328 1074 coniugis
352 1010 442 1058 ille
467 1027 591 1058 suae
613 1010 897 1073 conplexus
923 1010 1057 1059 colla
1081 1011 1300 1074 lacertis,

86 1094 235 1143 finiat
253 1097 313 1142 ut
332 1110 527 1157 poenas
544 1093 773 1155 tandem,
794 1097 941 1157 rogat
972 1095 982 1118 ‘
1002 1096 1059 1143 in
1077 1096 1088 1115 ⁹
1111 1113 1208 1159 que
1239 1098 1249 1119 ‘
1268 1096 1509 1145 futurum
1540 1116 1614 1157 735

86 1195 222 1242 pone
245 1180 420 1226 metus
437 1178 448 1196 ⁹
473 1177 646 1240 inquit
671 1196 682 1226 ε
729 1177 740 1200 ‘
761 1195 1057 1242 numquam
1082 1180 1181 1228 tibi
1208 1196 1358 1228 causa
1384 1180 1582 1228 doloris

87 1263 213 1311 haec
237 1261 370 1323 erit,'
394 1264 449 1309 et
475 1261 686 1325 Stygias
710 1262 859 1311 iubet
883 1263 983 1311 hoc
1011 1263 1191 1312 audire
1216 1263 1455 1326 paludes.

86 1349 145 1394 ut
169 1344 335 1393 lenita
358 1343 456 1392 dea
480 1347 574 1405 est,
604 1345 787 1393 vultus
813 1332 951 1409 capit
975 1346 1072 1394 illa
1094 1346 1294 1409 priores

85 1429 252 1492 fitque
278 1428 417 1492 quod
443 1431 564 1476 ante
590 1428 718 1477 fuit:
756 1429 968 1492 fugiunt
994 1447 1020 1478 e
1048 1447 1258 1493 corpore
1283 1433 1465 1490 saetae,

86 1529 279 1561 cornua
304 1512 624 1573 decrescunt,
654 1512 716 1560 fit
740 1511 962 1561 luminis
986 1513 1147 1561 artior
1172 1513 1323 1574 orbis,
1539 1535 1616 1576 740

87 1596 411 1645 contrahitur
434 1595 609 1656 rictus,
640 1594 863 1645 redeunt
887 1597 1163 1659 umerique
1188 1614 1500 1661 manusque,

86 1678 383 1742 ungulaque
409 1678 467 1726 in
494 1678 685 1741 quinos
711 1679 914 1743 dilapsa
937 1680 1239 1729 absumitur
1264 1699 1466 1744 ungues
1487 1702 1498 1743 ;

86 1762 151 1811 de
173 1762 306 1811 bove
330 1762 409 1810 nil
434 1765 685 1825 superest,
717 1762 921 1812 formae
945 1765 1050 1812 nisi
1075 1766 1278 1825 candor,
1311 1766 1367 1812 in
1394 1765 1498 1814 illa.

88 1846 359 1909 officioque
381 1845 579 1909 pedum
604 1846 842 1909 nymphe
868 1850 1115 1896 contenta
1140 1847 1363 1896 duorum

86 1930 309 1993 erigitur
331 1929 626 1992 metuitque
651 1929 812 1992 loqui,
843 1948 911 1979 ne
937 1948 1082 1979 more
1108 1931 1357 1981 iuvencae
1537 1952 1614 1993 745

86 2013 303 2076 mugiat,
335 2015 387 2061 et
410 2012 599 2061 timide
623 2013 781 2062 verba
804 2013 1110 2064 intermissa
1132 2019 1429 2078 retemptat.

87 2114 229 2146 nunc
254 2097 350 2146 dea
374 2095 597 2158 linigera
623 2096 811 2145 colitur
837 2098 1176 2148 celeberrima
1200 2100 1364 2147 turba,

517 2242 566 2286 ll.
592 2244 676 2297 748
699 2246 748 2287 to
773 2244 880 2288 end.
945 2246 1191 2289 Phcoethon.

155 2348 296 2397 Huic
321 2347 574 2410 Epaphus
599 2349 782 2410 magni
807 2349 1018 2411 genitus
1043 2349 1106 2397 de
1131 2350 1332 2397 semine
1357 2351 1572 2398 tandem

87 2431 314 2480 creditur
338 2448 448 2479 esse
474 2430 621 2480 Iovis
645 2448 838 2494 perque
865 2433 1019 2481 urbes
1044 2433 1223 2481 iuncta
1247 2434 1452 2495 parenti

85 2515 285 2578 templa
302 2517 462 2563 tenet.
528 2514 631 2562 fuit
654 2514 777 2562 huic
802 2516 999 2563 animis
1024 2516 1256 2578 aequalis
1281 2519 1333 2563 et
1359 2517 1512 2564 annis
1535 2536 1612 2577 750

75 2598 204 2647 Sole
248 2600 392 2646 satus
431 2596 723 2646 Phaethon.
816 2615 972 2660 quem
1015 2599 1279 2660 quondam
1319 2616 1509 2661 magna
1546 2599 1612 2647 lo-

225 2684 475 2743 quentem
