1875 3069
509 175 1172 221 METAMORPHOSEON
1232 175 1247 218 1
1603 179 1670 237 19

119 314 216 349 nec
241 302 529 348 renovatus
555 316 678 364 ager
701 290 934 362 gravidis
961 298 1178 347 canebat
1207 297 1383 346 aristis
1408 317 1418 358 ;
1593 317 1669 344 110

119 382 346 433 flumina
370 383 477 433 iam
504 383 670 444 lactiS‚
703 383 808 432 iam
837 383 1060 433 flumina
1086 381 1311 431 nectaris
1337 381 1499 431 ibant,

119 467 362 533 flavaque
390 467 455 516 de
480 468 640 517 viridi
665 467 940 518 stillabant
966 468 1083 517 ilice
1111 467 1288 517 mella.

189 552 503 618 Postquam,
535 553 766 603 Saturno
791 553 1070 602 tenebrosa
1096 552 1153 600 in
1180 552 1401 601 Tartara
1427 551 1605 600 misso.

119 638 220 688 sub
245 637 375 688 Iove
401 637 637 688 mundus
660 642 788 700 erat,
820 638 987 686 subiit
1013 639 1263 700 argentea
1287 636 1478 702 proleS.

120 739 248 774 auro
273 722 516 786 deterior,
546 722 695 772 fulvo
721 723 1003 787 pretiosior
1029 740 1161 772 aere.
1596 742 1633 767 ιι
1647 743 1665 781 5

121 806 365 873 Iuppiter
391 807 602 872 antiqui
629 807 895 856 contraxit
921 810 1162 871 tempora
1187 808 1330 855 veris

119 908 316 957 perque
341 890 551 942 hiemes
576 895 855 956 aestusque
881 894 935 941 et
960 892 1263 956 inaequales
1291 894 1577 940 autumnos

118 978 174 1027 et
196 976 355 1027 breve
381 993 476 1026 ver
498 977 691 1041 spatiis
713 977 890 1040 exegit
917 981 1171 1041 quattuor
1197 994 1415 1026 annum.

120 1063 239 1112 tum
262 1061 502 1126 primum
527 1062 682 1111 siccis
708 1071 796 1110 :ic-1·
820 1061 1119 1110 fervoribus
1146 1064 1297 1109 ustus

120 1145 354 1207 canduit,
384 1150 438 1196 et
463 1147 644 1196 ventis
668 1146 865 1211 glacies
891 1146 1146 1195 adstricta
1170 1146 1424 1210 pependit
1454 1164 1463 1197 :
1595 1165 1667 1192 120

121 1233 239 1282 tum
263 1232 504 1297 primum
531 1231 740 1282 subiere
767 1231 959 1281 domus
983 1230 1198 1292 (domus
1224 1236 1378 1279 antra
1405 1231 1619 1278 fuerunt

119 1318 175 1367 et.
198 1315 353 1367 densi
377 1317 600 1367 frutices
623 1320 677 1366 et
703 1317 911 1365 vinctae
939 1317 1130 1365 cortice
1157 1316 1357 1379 virgae)
1384 1334 1395 1375 ;

121 1401 328 1452 semina
350 1404 471 1451 tum
495 1402 736 1467 primum
761 1402 936 1466 longis
960 1401 1197 1451 Cerealia
1221 1401 1384 1449 sulcis

120 1484 314 1537 obruta
338 1490 479 1550 sunt,
509 1487 784 1552 pressique
810 1487 933 1551 iugo
959 1503 1204 1551 gemuere
1233 1485 1460 1534 iuvenci.

189 1570 375 1622 Tertia
398 1574 518 1636 post
543 1571 695 1622 illam
720 1572 968 1620 suecessit
998 1581 1159 1620 aenea
1182 1571 1369 1635 proles,
1593 1589 1665 1627 125

121 1657 332 1708 saevior
355 1656 590 1722 ingeniis
614 1660 668 1707 et
695 1655 762 1706 ad
786 1655 1005 1706 horrida
1028 1656 1330 1721 promptior
1355 1671 1517 1706 arma.

123 1759 231 1792 non
255 1741 512 1793 seelerata
536 1744 736 1791 tamen.
814 1741 881 1790 de
906 1741 1040 1790 duro
1065 1744 1142 1789 est
1173 1740 1366 1789 ultima
1391 1740 1546 1788 ferro.

121 1826 369 1892 protinus
392 1826 601 1891 inrupit
627 1843 793 1876 venae
820 1826 1017 1890 peioris
1042 1825 1098 1874 in
1126 1841 1317 1874 aevum

123 1928 283 1963 omne
304 1912 484 1962 nefas:
521 1912 705 1977 fugere
731 1911 903 1976 pudor
927 1928 1222 1975 verumque
1249 1909 1499 1974 fidesque.

124 1995 183 2046 in
207 2014 435 2062 quorum
460 1996 670 2047 subiere
696 1997 874 2046 locum
900 1996 1221 2060 fraudesque
1247 1995 1460 2059 dolique
1595 2013 1604 2039 ι
1618 2012 1669 2051 30

123 2080 454 2147 insidiaeque
478 2084 533 2132 et
557 2082 643 2132 vis
667 2084 719 2131 et
747 2099 898 2131 amor
920 2082 1205 2131 sceleratus
1229 2079 1477 2129 habendi.

122 2166 244 2218 vela
276 2166 476 2218 dabant
499 2168 692 2230 ventis,
722 2184 818 2216 nee
844 2167 1012 2216 adhuc
1038 2165 1171 2215 bene
1199 2169 1417 2214 noverat
1446 2163 1567 2212 illos

124 2251 311 2302 navita
336 2271 349 2314 ;
384 2269 622 2318 quaeque
650 2251 743 2301 diu
768 2254 1026 2302 steterant
1054 2251 1110 2300 in
1137 2249 1413 2300 montibus
1439 2249 1582 2309 altis,

122 2335 378 2388 fluctibus
400 2337 605 2402 ignotis
627 2326 954 2386 insultavere
981 2338 1210 2385 carinae.

125 2436 571 2487 communemque
596 2421 748 2486 prius
771 2438 868 2471 ceu
892 2420 1103 2470 lumina
1129 2420 1255 2469 solis
1279 2423 1330 2468 et
1360 2435 1516 2469 auras
1594 2437 1667 2477 135

125 2508 313 2557 cautus
333 2506 566 2557 humum
590 2505 749 2571 longo
774 2505 1009 2570 signavit
1038 2505 1213 2553 limite
1238 2521 1466 2554 mensor.

124 2604 223 2640 nec
242 2592 462 2641 tantum
486 2592 694 2656 segetes
718 2589 1078 2654 alimentaque
1105 2589 1286 2638 debita
1311 2589 1462 2637 dives

123 2675 438 2738 poscebatur
461 2675 676 2739 humus,
707 2674 797 2724 sed
822 2675 963 2724 itum
989 2678 1067 2724 est
1095 2674 1153 2722 in
1179 2674 1383 2723 viscera
1406 2676 1593 2723 terrae.

125 2775 358 2825 quasque
385 2760 751 2812 recondiderat
779 2760 1089 2826 Stygiisque
1110 2759 1415 2810 admoverat
1443 2759 1663 2816 umbris,

854 2853 883 2888 c
916 2854 941 2887 2
