1907 3037
203 129 280 184 28
646 145 695 187 P.
751 143 966 188 ovmu
1023 146 1315 192 NAsoms

203 262 258 311 in
284 279 431 311 mare
458 263 664 313 lassatis
690 265 917 314 volucris
943 283 1073 330 vaga
1097 266 1289 317 decidit
1312 267 1424 319 alis.

202 345 446 395 obruerat
473 348 712 397 tumulos
738 349 985 398 inmensa
1010 350 1225 400 licentia
1248 353 1414 416 ponti,

201 430 587 495 pulsabantque
614 432 737 480 novi
765 437 1016 483 montana
1041 435 1317 485 cacumina
1340 436 1547 488 fluctus.
1664 456 1745 498 3¹0

200 515 430 563 maxima
455 533 576 578 pars
604 517 745 565 unda
772 518 973 580 rapitur
995 537 1006 578 ;
1045 519 1240 583 quibus
1269 520 1407 570 unda
1434 521 1681 586 pepercit,

199 598 319 647 illos
344 599 502 662 longa
527 600 748 649 domant
775 602 921 665 inopi
950 603 1145 653 ieiunia
1168 604 1329 654 victu.

487 826 536 870 ll.
562 841 784 884 313-415.
851 830 1099 872 Deucalion
1134 832 1230 872 and
1264 831 1459 885 Pyrrha.

266 944 482 1009 Separat
509 947 713 995 Aonios
738 948 946 997 Oetaeis
972 948 1165 998 Phocis
1188 949 1255 999 ab
1279 950 1436 1014 arvis,

195 1031 337 1077 terra
362 1030 520 1085 ferax,
553 1031 681 1079 dum
709 1035 849 1080 terra
876 1032 989 1092 fuit,
1021 1032 1111 1081 sed
1138 1036 1379 1098 tempore
1404 1034 1461 1084 in
1485 1034 1582 1085 illo

194 1129 317 1176 pars
342 1114 504 1162 maris
529 1119 580 1163 et
608 1115 747 1164 latus
773 1116 1072 1165 subitarum
1097 1134 1319 1182 campus
1343 1135 1616 1183 aquarum.
1661 1140 1740 1182 315

196 1215 351 1247 mons
378 1199 449 1247 ibi
477 1200 765 1250 verticibus
790 1202 925 1265 petit
949 1203 1147 1251 arduus
1172 1206 1312 1253 astra
1335 1203 1552 1267 duobus,

197 1283 413 1331 nomine
441 1283 721 1345 Parnasus,
753 1290 1112 1351 superantque
1137 1288 1412 1338 cacumina
1437 1289 1620 1340 nubes.

194 1367 280 1416 hic
307 1368 396 1416 ubi
425 1369 711 1418 Deucalion
740 1379 887 1434 mam
907 1374 1081 1420 cetera
1104 1374 1308 1422 texerat
1331 1374 1549 1438 aequor)

194 1468 317 1501 cum
342 1456 583 1501 consorte
612 1454 713 1504 tori
741 1471 903 1518 parva
930 1459 1039 1504 rate
1065 1459 1251 1505 vectus
1273 1456 1526 1521 adhaesit,

193 1537 478 1601 Corycidas
504 1539 770 1601 nymphas
796 1543 847 1588 et
874 1541 1097 1589 numina
1120 1541 1324 1591 montis
1348 1540 1574 1592 adorant
1660 1563 1741 1603 320

194 1622 566 1686 fatidicamque
590 1624 836 1676 Themin,
869 1642 1000 1688 quae
1021 1628 1148 1674 tunc
1176 1625 1347 1675 oracla
1365 1627 1595 1678 tenebat.

193 1723 300 1755 non
327 1707 419 1756 illo
446 1707 634 1756 melior
658 1708 939 1772 quisquam
967 1727 1061 1758 nec
1088 1710 1354 1760 amantior
1375 1712 1531 1775 aequi

192 1791 275 1840 vir
298 1792 400 1841 fuit
428 1795 517 1841 aut
543 1793 637 1842 illa
661 1794 984 1843 metuentior
1010 1794 1121 1843 ulla
1144 1795 1378 1845 deorum.

191 1876 435 1940 Iuppiter
461 1882 518 1925 ut
546 1877 762 1941 liquidis
787 1881 1034 1941 stagnare
1060 1879 1343 1942 paludibus
1369 1880 1552 1931 orbem

191 1963 243 2010 et
267 1978 540 2025 superesse
567 1963 744 2011 virum
771 1963 835 2011 de
860 1965 939 2012 tot
964 1963 1122 2012 modo
1149 1963 1366 2021 milibus
1393 1980 1577 2026 unum,
1658 1986 1735 2026 325

190 2049 243 2095 et
266 2062 539 2110 superesse
563 2047 709 2096 videt
735 2048 799 2096 de
824 2050 903 2096 tot
928 2047 1088 2097 modo
1113 2047 1331 2098 milibus
1355 2034 1533 2109 unam}

190 2131 447 2180 innocuos
471 2131 672 2194 ambos,
704 2132 935 2181 cultores
962 2133 1202 2181 numinis
1226 2132 1428 2195 ambos,

190 2216 373 2265 nubila
398 2216 605 2266 disiecit
630 2216 937 2280 nimbisque
961 2218 1207 2281 aquilone
1234 2217 1455 2268 remotis

189 2303 242 2349 et
268 2300 408 2350 caelo
434 2304 602 2351 terras
626 2302 858 2351 ostendit
884 2304 937 2350 et
962 2303 1174 2351 aethera
1198 2302 1374 2352 terris.

188 2402 284 2433 nec
310 2385 472 2435 maris
498 2388 578 2436 ira
602 2389 796 2448 manet,
828 2387 1104 2450 positoque
1127 2386 1418 2451 tricuspide
1440 2387 1548 2437 telo
1653 2408 1732 2448 330

188 2470 385 2519 mulcet
409 2488 570 2535 aquas
595 2474 765 2520 rector
791 2470 962 2535 pelagi
988 2487 1251 2535 supraque
1275 2471 1603 2535 profundum

186 2552 482 2600 exstantem
509 2554 667 2615 atque
693 2569 908 2600 umeros
934 2551 1118 2600 innato
1142 2553 1344 2601 murice
1366 2554 1568 2602 tectum

187 2634 488 2683 caeruleum
515 2636 736 2684 Tritona
760 2638 911 2684 vocat
935 2636 1270 2700 conchaeque
1294 2635 1509 2686 sonanti

188 2719 445 2782 inspirare
470 2719 614 2768 iubet
641 2720 937 2783 fluctusque
962 2723 1013 2768 et
1038 2720 1262 2769 flumina
1285 2721 1438 2781 signo
