1907 3037
248 129 322 187 32
677 123 728 168 Ρ.
784 123 1000 166 OV11)11
1060 122 1353 167 NASONIS

247 260 377 308 quae
402 246 581 293 tamen
610 260 673 292 ex
700 243 808 291 illis
833 243 1007 306 aliquo
1033 260 1152 306 pars
1179 242 1360 292 umida
1383 259 1508 292 suco

247 331 299 376 et
328 331 533 377 terrena
560 327 676 386 fuit,
708 344 856 376 versa
882 330 957 376 est
986 327 1041 374 111
1069 327 1298 390 corporis
1324 343 1479 376 usum
1503 344 1515 387 ;

246 413 386 476 quod
413 412 646 460 solidum
673 414 752 460 est
779 412 1024 474 flectique
1055 412 1253 474 nequit,
1284 413 1524 460 mutatur
1547 409 1604 459 in
1630 427 1750 459 ossa
1774 432 1785 471 3

246 514 377 561 quae
400 497 559 545 modo
580 514 715 545 vena
735 497 849 547 fuit.
877 497 975 544 sub
997 495 1179 544 eodem
1202 495 1422 544 nomine
1437 493 1634 543 mansit
1657 512 1668 554 ;
1702 513 1786 554 4¹0

246 580 406 644 inque
434 580 582 629 brevi
609 581 779 643 spatio
806 597 1115 643 superorum
1143 579 1364 628 numine
1389 595 1513 628 saxa

245 664 411 713 missa
440 665 540 713 viri
568 664 818 713 manibus
844 663 1031 712 faciem
1060 667 1266 712 traxere
1293 663 1528 712 virorum

245 751 298 798 et
324 751 388 799 de
414 750 645 798 femineo
672 752 909 813 reparata
935 752 1015 798 est
1039 749 1240 797 femina
1264 749 1414 796 iaetu.

245 834 370 882 inde
398 851 564 898 genus
589 835 783 883 durum
811 850 996 882 sumus
1022 833 1401 896 experiensque
1427 831 1670 881 laborum

243 919 296 966 et
322 917 641 968 documenta
668 918 869 978 damus,
902 935 1004 982 qua
1029 917 1195 966 simus
1223 916 1424 980 origine
1451 915 1578 966 nati.
1703 934 1786 975 415

423 1136 473 1180 ll.
497 1137 720 1194 416—451.
785 1138 998 1180 Renoua!
1030 1138 1084 1193 Qf
1108 1138 1179 1179 the
1211 1133 1405 1179 Animal
1446 1136 1613 1180 World.

315 1258 501 1307 Cetera
527 1255 747 1305 diversis
772 1256 933 1304 tellus
958 1255 1210 1304 animalia
1233 1255 1419 1304 formis

244 1345 431 1407 sponte
457 1360 552 1391 sua
576 1343 791 1406 peperit,
823 1345 1105 1406 postquam
1131 1343 1284 1390 vetus
1311 1356 1464 1389 umor
1487 1338 1553 1389 ab
1579 1339 1703 1403 igne

244 1427 501 1491 percaluit
527 1427 669 1488 solis,
701 1443 1028 1490 caenumque
1055 1426 1290 1489 udaeque
1319 1423 1538 1488 paludes

244 1512 547 1560 intumuere
568 1513 735 1579 aestu,
766 1511 1095 1574 fecundaque
1121 1509 1329 1559 semina
1353 1524 1531 1558 rerum

244 1597 416 1645 vivaci
445 1597 648 1645 nutrita
674 1596 799 1657 solo,
831 1613 924 1645 eeu
952 1596 1141 1644 matris
1167 1595 1225 1643 in
1251 1593 1384 1655 alvo,
1706 1607 1789 1647 420

245 1683 524 1730 creverunt
550 1680 844 1744 faciemque
869 1679 1103 1744 aliquam
1128 1695 1309 1742 cepere
1334 1676 1615 1727 morando.

243 1765 320 1815 sic
347 1765 438 1814 ubi
467 1765 701 1814 deseruit
727 1765 970 1814 madidos
995 1763 1341 1827 septemfluus
1365 1778 1518 1826 agros

244 1848 404 1899 Nilus
430 1851 482 1898 et
506 1849 727 1913 antiquo
756 1866 850 1898 sua
874 1849 1101 1898 flumina
1127 1846 1359 1896 reddidit
1383 1845 1548 1908 alveo,

243 1934 587 1998 aetherioque
613 1951 794 1982 reeens
821 1934 1015 1982 exarsit
1042 1933 1211 1981 sidere
1239 1932 1419 1993 limus,

244 2017 475 2083 plurima
499 2018 729 2067 cultores
755 2018 926 2067 versis
951 2017 1204 2066 animalia
1229 2014 1433 2080 glaebis
1705 2035 1788 2076 425

244 2101 546 2164 inveniunt,
601 2106 653 2152 et
701 2103 759 2152 111
809 2102 897 2153 his
945 2102 1205 2166 quaedam
1255 2100 1415 2150 modo
1463 2100 1645 2164 coepta
1690 2097 1790 2150 sub

385 2206 563 2252 ipsum

245 2274 496 2322 nascendi
524 2274 773 2337 spatium,
806 2274 1064 2337 quaedam
1090 2272 1385 2336 inperfecta
1408 2270 1625 2334 suisque

246 2359 434 2406 trunca
458 2357 645 2406 vident
671 2358 925 2418 numeris,
958 2360 1010 2406 et
1037 2357 1223 2406 eodem
1249 2357 1308 2405 in
1333 2371 1550 2420 corpore
1576 2370 1730 2418 saepe

244 2440 408 2490 altera
431 2459 552 2505 pars
578 2442 729 2502 vivit,
761 2442 910 2491 rudis
935 2444 1015 2491 est
1040 2459 1163 2505 pars
1186 2440 1352 2490 altera
1375 2439 1551 2489 tellus.

245 2525 438 2590 quippe
464 2526 557 2574 ubi
587 2526 898 2589 temperiem
925 2542 1196 2589 sumpsere
1223 2541 1479 2588 umorque
1504 2523 1761 2586 calorque,

244 2610 564 2674 concipiunt,
597 2612 649 2659 et
674 2611 739 2659 ab
764 2611 851 2660 his
876 2610 1120 2659 oriuntur
1145 2612 1333 2658 cuncta
1358 2607 1565 2658 duobus
1587 2625 1599 2668 ς
1706 2627 1784 2666 431

244 2710 469 2758 eumque
494 2695 565 2743 sit
592 2695 732 2758 ignis
751 2712 915 2759 aquae
936 2711 1162 2759 pugnax,
1182 2711 1346 2758 vapor
1364 2691 1580 2743 umidus
1604 2709 1790 2741 omnes
